% Der citeres i teksten ved:
% \cite{titel}
%https://www.overleaf.com/learn/latex/Bibliography_management_in_LaTeX#The_bibliography_file

@online{titel_du_citerer,
    author = "Donald Knuth",
    year = "2020",
    title = "Knuth: Computers and Typesetting",
    url  = "http://www-cs-faculty.stanford.edu/~uno/abcde.html",
    addendum = "(accessed: 01.09.2016)",
}

@online{CDIO2,
    author      = "Marcus Ottosen og Frederik Nissen og Jean Yagan og Rasmus Pedersen og Victor Kongsbak og Villads Andersen",
    year        = "2020",
    title       = "CDIO2",
    url         = "https://docs.google.com/document/d/1vzdyW8T5jjGhligVPChBOqkRbssFXtULU2ABbPwxVB8/edit",
    addendum    = "(accessed: 10.11.2020)"
}
